% Encoding: UTF-8
@BOOK {boyce9,
    author    = "William E. Boyce and Richard C. DiPrima",
    title     = "Equações Diferenciais Elementares e Problemas de Valores de Contorno",
    publisher = "LTC",
    year      = "2011"
}
@BOOK {regiIntro,
    author    = "Reginaldo J. Santos",
    title     = "Introdução às Equações Diferenciais Ordinárias",
    publisher = "Imprensa Universitária da UFMG",
    year      = "2013"
}
@BOOK {burden,
    author    = "Richard L. Burden and J. Douglas Faires",
    title     = "Análise Numérica",
    publisher = "CENGAGE Learning",
    year      = "2008"
}
@BOOK {fred,
    author    = "Frederico Ferreira Campos, filho",
    title     = "Algoritmos Numéricos",
    publisher = "LTC",
    year      = "2007"
}
@Book{stewart,
  title     = {Cálculo, volume 2},
  publisher = {CENGAGE Learning},
  year      = {2013},
  author    = {James Stewart},
  address   = {São Paulo},
  edition   = {7},
}
@misc{wiki:eqLotkaVolterra,
    author = "Wikipédia",
    title  = "Equação de Lotka-Volterra --- Wikipédia{,} a enciclopédia livre",
    year   = "2017",
    url    = "\url{https://pt.wikipedia.org/w/index.php?title=Equa\%C3\%A7\%C3\%A3o_de_Lotka-Volterra&oldid=50459669}",
    note   = "[Online; acessado 12-novembro-2017]"
}
@misc{Malthus,
    author = "Wikipedia",
    title = "Malthusian growth model --- Wikipedia{,} The Free Encyclopedia",
    year = "2017",
    url = "\url{https://en.wikipedia.org/w/index.php?title=Malthusian_growth_model&oldid=810101895}",
    note = "[Online; accessed 11-December-2017]"
}

@Book{halliday,
  title   = {Fundamentos de Física, volume 2: Gravitação, Ondas e Termodinâmica},
  year    = {2009},
  author  = {David Halliday and Robert Resnick and Jearl Walker},
  editor  = {LTC},
  address = {Rio de Janeiro},
  edition = {8},
}

@Book{moises,
  title   = {Curso de Física Básica},
  year    = {2002},
  author  = {Herch Moysés Nussenzveig},
  volume  = {2},
  address = {São Paulo},
}

@Book{seth,
  title     = {An Introduction to Seismology, Earthquakes, and Earth Structure},
  publisher = {Blackwell Publishing Ltd},
  year      = {2003},
  author    = {Seth Stein and Michael Wysession},
  edition   = {1},
}

@misc{wiki:EDP,
    author = "Wikipedia contributors",
    title = "Partial differential equation --- Wikipedia{,} The Free Encyclopedia",
    year = "2017",
    url = "\url{https://en.wikipedia.org/w/index.php?title=Partial_differential_equation&oldid=816690545}",
    note = "[Online; accessed 29-December-2017]"
}

@misc{wiki:LaplaceEq,
    author = "Wikipédia",
    title = "Equação de Laplace --- Wikipédia{,} a enciclopédia livre",
    year = "2015",
    url = "\url{https://pt.wikipedia.org/w/index.php?title=Equa%C3%A7%C3%A3o_de_Laplace&oldid=43483911}",
    note = "[Online; accessed 24-setembro-2015]"
}

@BOOK {EDPSodrenotas,
    author    = "Ulysses Sodré",
    title     = "Equações Diferenciais Parciais",
    publisher = "Ulysses Sodré",
    year      = "2003"
}

@ONLINE {EDPWolfram,
    author = "Eric W. Weisstein",
    title  = "Partial Differential Equation",
    month  = "dec",
    year   = "2017",
    url    = "http://mathworld.wolfram.com/PartialDifferentialEquation.html"
}

@misc{wiki:parabola,
    author = "Wikipédia",
    title = "Parábola --- Wikipédia{,} a enciclopédia livre",
    year = "2017",
    url = "\url{https://pt.wikipedia.org/w/index.php?title=Par\%C3\%A1bola&oldid=49122593}",
    note = "[Online; accessed 24-junho-2017]"
}

@misc{ wiki:paraboloide,
    author = "Wikipédia",
    title = "Paraboloide --- Wikipédia{,} a enciclopédia livre",
    year = "2017",
    url = "\url{https://pt.wikipedia.org/w/index.php?title=Paraboloide&oldid=48924233}",
    note = "[Online; accessed 30-maio-2017]"
}

@ONLINE {dailedaWE,
    author = "Ryan C. Daileda",
    title  = "The two dimensional wave equation",
    month  = "mar",
    year   = "2012",
    url    = "http://ramanujan.math.trinity.edu/rdaileda/teach/s12/m3357/lectures/lecture_3_1_short.pdf"
}

@ONLINE {scholarMDF,
    author = "Bengt Fornberg",
    title  = "Finite difference method",
    year   = "2011",
    url    = "http://www.scholarpedia.org/article/Finite_difference_method"
}

@BOOK {CalcNumUFGRS,
    author    = "Dagoberto Adriano Rizzotto Justo and Esequia Sauter and Fabio Souto de Azevedo and Leonardo Fernandes Guidi and Matheus Correia dos Santos and Pedro Henrique de Almeida Konzen",
    title     = "Cálculo Numérico - Um Livro Colaborativo",
    publisher = "UFGRS",
    year      = "2017"
}

@ONLINE {ChenMDF,
    author = "Shih-Hung Chen",
    title  = "Finite Difference Methods",
    url    = "https://web.archive.org/web/20090206071754/http://ltl.iams.sinica.edu.tw/document/training_lectures/2006/SH_Chen/Finite_Difference_Methods.pdf"
}

@UNPUBLISHED {notasAulas2017,
    author = "Luis Alberto D'Afonseca",
    title  = "Notas de aula",
    note   = "Notas de aula obtidas durante as reuniões do projeto.",
    year   = "2017"
}

@MISC {discreteDomainFig,
    title = "Solution of the Diffusion Equation by Finite Differences",
    author       = "Jeffrey M. Moehlis",
    howpublished = "\url{https://me.ucsb.edu/~moehlis/APC591/tutorials/tutorial5/node3.html}",
    month        = "oct",
    year         = "2001"
}

@ONLINE {OilfieldGlossary:seismicVelocity,
    title = "Seismic velocity - Schlumberger Oilfield Glossary",
    month = "jan",
    year  = "2018",
    url   = "http://www.glossary.oilfield.slb.com/Terms/s/seismic_velocity.aspx"
}

@ONLINE {OilfieldGlossary:travelTime,
    title = "Traveltime - Schlumberger Oilfield Glossary",
    month = "jan",
    year  = "2018",
    url   = "http://www.glossary.oilfield.slb.com/en/Terms/t/traveltime.aspx"
}

@ONLINE {OilfieldGlossary:raypath,
    title = "Ray path - Schlumberger Oilfield Glossary",
    month = "jan",
    year  = "2018",
    url   = "http://www.glossary.oilfield.slb.com/Terms/r/ray_path.aspx"
}

@MISC {RawlinsonSlide06_RayTheory,
    author       = "Nick Rawlinson",
    title        = "Lecture 6: Ray theory",
    howpublished = "\url{http://rses.anu.edu.au/~nick/teachdoc/lecture6.pdf}",
    month        = "apr",
    year         = "2008"
}

@MASTERSTHESIS {Miqueles2006,
    author = "Eduardo Xavier Miqueles",
    title  = "Modelamento Sísmico em Meios Analíticos",
    school = "Universidade Federal do Paraná",
    year   = "2006"
}

@ONLINE {rickerWLet,
    author = "SubSurfWiki",
    title  = "Ricker Wavelet",
    month  = "feb",
    year   = "2018",
    howpublished    = "\url{http://www.subsurfwiki.org/wiki/Ricker_wavelet}"
}

@misc{ wiki:onda,
    author = "Wikipédia",
    title = "Onda --- Wikipédia{,} a enciclopédia livre",
    year = "2018",
    url = "\url{https://pt.wikipedia.org/w/index.php?title=Onda&oldid=51148251}",
    note = "[Online; accessed 29-janeiro-2018]"
}

@misc{ wiki:polarization,
    author = "Wikipedia contributors",
    title = "Polarization (waves) --- Wikipedia{,} The Free Encyclopedia",
    year = "2018",
    url = "\url{https://en.wikipedia.org/w/index.php?title=Polarization_(waves)&oldid=829301999}",
    note = "[Online; accessed 31-March-2018]"
}

@misc{ wiki:stateWave,
    author = "Wikipedia contributors",
    title = "Standing wave --- Wikipedia{,} The Free Encyclopedia",
    year = "2018",
    url = "\url{https://en.wikipedia.org/w/index.php?title=Standing_wave&oldid=831815420}",
    note = "[Online; accessed 31-March-2018]"
}